@inproceedings{abayazid3DFlexibleNeedle2013,
  title = {{{3D Flexible Needle Steering}} in {{Soft-Tissue Phantoms Using Fiber Bragg Grating Sensors}}},
  booktitle = {2013 {{IEEE International Conference}} on {{Robotics}} and {{Automation}}},
  author = {Abayazid, Momen and Kemp, Marco and Misra, Sarthak},
  year = {2013},
  pages = {5843--5849},
  issn = {1050-4729},
  doi = {10.1109/ICRA.2013.6631418},
  urldate = {2025-04-02},
  keywords = {FBG,Needle Insertion}
}

@article{abayazidIntegratingDeflectionModels2013,
  title = {Integrating {{Deflection Models}} and {{Image Feedback}} for {{Real-Time Flexible Needle Steering}}},
  author = {Abayazid, Momen and Roesthuis, Roy J. and Reilink, Rob and Misra, Sarthak},
  year = {2013},
  journal = {IEEE Transactions on Robotics},
  volume = {29},
  number = {2},
  pages = {542--553},
  issn = {1941-0468},
  doi = {10.1109/TRO.2012.2230991},
  urldate = {2025-04-04},
  keywords = {Control,Image Guidance,Needle Steering,Ultrasound}
}

@article{abbasiUsingPorcineCadavers,
  title = {Using {{Porcine Cadavers}} as an {{Alternative}} to {{Human Cadavers}} for {{Teaching Minimally Invasive Spinal Fusion}}: {{Proof}} of {{Concept}} and {{Anatomical Comparison}}},
  author = {Abbasi, Hamid and Abbasi, Ali},
  journal = {Cureus},
  volume = {11},
  number = {11},
  pages = {e6158},
  issn = {2168-8184},
  doi = {10.7759/cureus.6158},
  urldate = {2025-04-03},
  pmcid = {PMC6857820},
  pmid = {31777701},
  keywords = {Biomechanics}
}

@article{abboAutomaticLoadStepping1996,
  title = {An {{Automatic Load Stepping Algorithm}} with {{Error Control}}},
  author = {Abbo, A. J. and Sloan, S. W.},
  year = {1996},
  journal = {International Journal for Numerical Methods in Engineering},
  volume = {39},
  number = {10},
  pages = {1737--1759},
  issn = {1097-0207},
  doi = {10.1002/(SICI)1097-0207(19960530)39:10<1737::AID-NME927>3.0.CO;2-5},
  urldate = {2025-04-02},
  langid = {english},
  keywords = {Finite Element}
}

@article{abdulmajedRoleTransperinealTemplate2015,
  title = {The {{Role}} of {{Transperineal Template Biopsies}} of the {{Prostate}} in the {{Diagnosis}} of {{Prostate Cancer}}: {{A Review}}},
  author = {Abdulmajed, Mohamed Ismat and , Daniel, Hughes and {and Shergill}, Iqbal Singh},
  year = {2015},
  journal = {Expert Review of Medical Devices},
  volume = {12},
  number = {2},
  pages = {175--182},
  publisher = {Taylor \& Francis},
  issn = {1743-4440},
  doi = {10.1586/17434440.2015.990376},
  urldate = {2025-04-04},
  keywords = {Image Guidance,Needle Insertion,Ultrasound}
}

@article{abolhassaniNeedleInsertionSoft2007,
  title = {Needle {{Insertion}} into {{Soft Tissue}}: {{A Survey}}},
  author = {Abolhassani, Niki and Patel, Rajni and Moallem, Mehrdad},
  year = {2007},
  journal = {Medical Engineering \& Physics},
  volume = {29},
  number = {4},
  pages = {413--431},
  issn = {1350-4533},
  doi = {10.1016/j.medengphy.2006.07.003},
  urldate = {2025-04-04},
  keywords = {Finite Element,Literature Review,Needle Insertion}
}

@article{abushagurAdvancesBioTactileSensors2014,
  title = {Advances in {{Bio-Tactile Sensors}} for {{Minimally Invasive Surgery Using}} the {{Fibre Bragg Grating Force Sensor Technique}}: {{A Survey}}},
  author = {Abushagur, Abdulfatah A. G. and Arsad, Norhana and Reaz, Mamun Ibne and Bakar, A. Ashrif A.},
  year = {2014},
  journal = {Sensors},
  volume = {14},
  number = {4},
  pages = {6633--6665},
  publisher = {Multidisciplinary Digital Publishing Institute},
  issn = {1424-8220},
  doi = {10.3390/s140406633},
  urldate = {2025-04-01},
  copyright = {http://creativecommons.org/licenses/by/3.0/},
  langid = {english},
  keywords = {FBG}
}

@article{adagolodjoRoboticInsertionFlexible2019,
  title = {Robotic {{Insertion}} of {{Flexible Needle}} in {{Deformable Structures Using Inverse Finite-Element Simulation}}},
  author = {Adagolodjo, Yinoussa and Goffin, Laurent and De Mathelin, Michel and Courtecuisse, Hadrien},
  year = {2019},
  journal = {IEEE Transactions on Robotics},
  volume = {35},
  number = {3},
  pages = {697--708},
  issn = {1941-0468},
  doi = {10.1109/TRO.2019.2897858},
  urldate = {2025-02-12},
  keywords = {Control,Finite Element,Needle Insertion,Simulation,Surgical Robotics}
}

@article{alterovitzMotionPlanningUncertainty2008,
  title = {Motion {{Planning Under Uncertainty}} for {{Image-guided Medical Needle Steering}}},
  author = {Alterovitz, Ron and Branicky, Michael and Goldberg, Ken},
  year = {2008},
  journal = {The International journal of robotics research},
  volume = {27},
  number = {11-12},
  pages = {1361--1374},
  issn = {0278-3649},
  doi = {10.1177/0278364908097661},
  urldate = {2025-04-04},
  pmcid = {PMC2772086},
  pmid = {19890445},
  keywords = {Needle Steering}
}

@article{anzideiImagingGuidedChestBiopsies2017,
  title = {Imaging-{{Guided Chest Biopsies}}: {{Techniques}} and {{Clinical Results}}},
  author = {Anzidei, Michele and Porfiri, Andrea and Andrani, Fabrizio and Di Martino, Michele and Saba, Luca and Catalano, Carlo and Bezzi, Mario},
  year = {2017},
  journal = {Insights into Imaging},
  volume = {8},
  number = {4},
  pages = {419--428},
  issn = {1869-4101},
  doi = {10.1007/s13244-017-0561-6},
  urldate = {2025-04-09},
  pmcid = {PMC5519500},
  pmid = {28639114}
}

@misc{AuroraNDIsPremier2024,
  title = {Aurora - {{NDI}}'s Premier Electromagnetic Tracking Solution - {{NDI}}},
  year = {2024},
  urldate = {2025-04-09},
  howpublished = {https://web.archive.org/web/20240303164417/https://www.ndigital.com/electromagnetic-tracking-technology/aurora/}
}

@article{bassanNovelManipulatorPercutaneous2009,
  title = {A {{Novel Manipulator}} for {{Percutaneous Needle Insertion}}: {{Design}} and {{Experimentation}}},
  author = {Bassan, Harmanpreet S. and Patel, Rajni V. and Moallem, Mehrdad},
  year = {2009},
  journal = {IEEE/ASME Transactions on Mechatronics},
  volume = {14},
  number = {6},
  pages = {746--761},
  issn = {1941-014X},
  doi = {10.1109/TMECH.2009.2011357},
  urldate = {2025-02-12},
  keywords = {Design,Image Guidance,Needle Insertion,Percutaneous Interventions,RCM}
}

@article{bernardesDataDrivenAdaptiveNeedle2023,
  title = {Data-{{Driven Adaptive Needle Insertion Assist}} for {{Transperineal Prostate Interventions}}},
  author = {Bernardes, Mariana C. and Moreira, Pedro and Mareschal, Lisa and Tempany, Clare and Tuncali, Kemal and Hata, Nobuhiko and Tokuda, Junichi},
  year = {2023},
  journal = {Physics in medicine and biology},
  volume = {68},
  number = {10},
  pages = {10.1088/1361-6560/accefa},
  issn = {0031-9155},
  doi = {10.1088/1361-6560/accefa},
  urldate = {2025-04-04},
  pmcid = {PMC10249778},
  pmid = {37080237},
  keywords = {Control,Needle Manipulation}
}

@article{binder-markeySystematicReviewSkeletal2021,
  title = {Systematic {{Review}} of {{Skeletal Muscle Passive Mechanics Experimental Methodology}}},
  author = {{Binder-Markey}, Benjamin I. and Sychowski, Danielle and Lieber, Richard L.},
  year = {2021},
  journal = {Journal of Biomechanics},
  volume = {129},
  pages = {110839},
  issn = {0021-9290},
  doi = {10.1016/j.jbiomech.2021.110839},
  urldate = {2025-04-03},
  keywords = {Biomechanics}
}

@article{birginCoreNeedleBiopsy2020,
  title = {Core {{Needle Biopsy Versus Incisional Biopsy}} for {{Differentiation}} of {{Soft-Tissue Sarcomas}}: {{A Systematic Review}} and {{Meta-Analysis}}},
  author = {Birgin, Emrullah and Yang, Cui and Hetjens, Svetlana and Reissfelder, Christoph and Hohenberger, Peter and Rahbari, Nuh N.},
  year = {2020},
  journal = {Cancer},
  volume = {126},
  number = {9},
  pages = {1917--1928},
  issn = {1097-0142},
  doi = {10.1002/cncr.32735},
  urldate = {2025-04-10},
  copyright = {{\copyright} 2020 American Cancer Society},
  langid = {english}
}

@article{bogdukComplicationsSpinalDiagnostic2008,
  title = {Complications of {{Spinal Diagnostic}} and {{Treatment Procedures}}},
  author = {Bogduk, Nikolai and Dreyfuss, Paul and Baker, Ray and Yin, Way and Landers, Milton and Hammer, Michael and Aprill, Charles},
  year = {2008},
  journal = {Pain Medicine},
  volume = {9},
  number = {suppl\_1},
  pages = {S11-S34},
  issn = {1526-2375},
  doi = {10.1111/j.1526-4637.2008.00437.x},
  urldate = {2025-02-12},
  keywords = {Complications,Image Guidance,Injection,Pain Management,Spine}
}

@article{bosboomPassiveTransverseMechanical2001,
  title = {Passive {{Transverse Mechanical Properties}} of {{Skeletal Muscle Under}} in {{Vivo Compression}}},
  author = {Bosboom, E. M. H and Hesselink, M. K. C and Oomens, C. W. J and Bouten, C. V. C and Drost, M. R and Baaijens, F. P. T},
  year = {2001},
  journal = {Journal of Biomechanics},
  volume = {34},
  number = {10},
  pages = {1365--1368},
  issn = {0021-9290},
  doi = {10.1016/S0021-9290(01)00083-5},
  urldate = {2025-04-03},
  keywords = {Biomechanics,Finite Element}
}

@article{boubakerFiniteElementSimulation2009,
  title = {Finite {{Element Simulation}} of {{Interactions Between Pelvic Organs}}: {{Predictive Model}} of the {{Prostate Motion}} in the {{Context}} of {{Radiotherapy}}},
  author = {Boubaker, Mohamed Bader and Haboussi, Mohamed and Ganghoffer, Jean-Fran{\c c}ois and Aletti, Pierre},
  year = {2009},
  journal = {Journal of Biomechanics},
  volume = {42},
  number = {12},
  pages = {1862--1868},
  issn = {1873-2380},
  doi = {10.1016/j.jbiomech.2009.05.022},
  langid = {english},
  pmid = {19559437},
  keywords = {Biomechanics,Finite Element}
}

@article{bourgouinImageGuidedPercutaneousLung2021,
  title = {Image-{{Guided Percutaneous Lung Needle Biopsy}}: {{How}} We Do It},
  author = {Bourgouin, Patrick P. and Rodriguez, Karen J. and Fintelmann, Florian J.},
  year = {2021},
  journal = {Techniques in Vascular and Interventional Radiology},
  volume = {24},
  number = {3},
  pages = {100770},
  issn = {1089-2516},
  doi = {10.1016/j.tvir.2021.100770},
  urldate = {2025-02-18},
  keywords = {CT,Image Guidance,Needle Insertion,Needle Manipulation,Percutaneous Interventions}
}

@article{buiCorotationalCutFinite2019,
  title = {Corotational {{Cut Finite Element Method}} for {{Real-Time Surgical Simulation}}: {{Application}} to {{Needle Insertion Simulation}}},
  author = {Bui, Huu Phuoc and Tomar, Satyendra and Bordas, St{\'e}phane P. A.},
  year = {2019},
  journal = {Computer Methods in Applied Mechanics and Engineering},
  volume = {345},
  pages = {183--211},
  issn = {0045-7825},
  doi = {10.1016/j.cma.2018.10.023},
  urldate = {2025-04-01},
  keywords = {Finite Element,Needle Insertion,Realtime Simulation}
}

@article{calthorpeHistorySpinalNeedles2004,
  title = {The {{History}} of {{Spinal Needles}}: {{Getting}} to the {{Point}}},
  author = {Calthorpe, N.},
  year = {2004},
  journal = {Anaesthesia},
  volume = {59},
  number = {12},
  pages = {1231--1241},
  issn = {1365-2044},
  doi = {10.1111/j.1365-2044.2004.03976.x},
  urldate = {2025-03-30},
  langid = {english},
  keywords = {Needles}
}

@article{calvoPassiveNonlinearElastic2010,
  title = {Passive {{Nonlinear Elastic Behaviour}} of {{Skeletal Muscle}}: {{Experimental Results}} and {{Model Formulation}}},
  author = {Calvo, B. and Ram{\'i}rez, A. and Alonso, A. and Grasa, J. and Soteras, F. and Osta, R. and Mu{\~n}oz, M. J.},
  year = {2010},
  journal = {Journal of Biomechanics},
  volume = {43},
  number = {2},
  pages = {318--325},
  issn = {0021-9290},
  doi = {10.1016/j.jbiomech.2009.08.032},
  urldate = {2025-04-03},
  keywords = {Biomechanics}
}

@article{carassitiEpiduralSteroidInjections2021,
  title = {Epidural {{Steroid Injections}} for {{Low Back Pain}}: {{A Narrative Review}}},
  author = {Carassiti, Massimiliano and Pascarella, Giuseppe and Strumia, Alessandro and Russo, Fabrizio and Papalia, Giuseppe Francesco and Cataldo, Rita and Gargano, Francesca and Costa, Fabio and Pierri, Michelangelo and De Tommasi, Francesca and Massaroni, Carlo and Schena, Emiliano and Agr{\`o}, Felice Eugenio},
  year = {2021},
  journal = {International Journal of Environmental Research and Public Health},
  volume = {19},
  number = {1},
  pages = {231},
  issn = {1661-7827},
  doi = {10.3390/ijerph19010231},
  urldate = {2025-04-10},
  pmcid = {PMC8744824},
  pmid = {35010492}
}

@inproceedings{changDesignEvaluationNeedle2025,
  title = {Design and {{Evaluation}} of a {{Needle Manipulation System}} with {{EM Tracking}} for {{CT-Guided Spinal Injections}}},
  booktitle = {2025 {{International Symposium}} on {{Medical Robotics}} ({{ISMR}})},
  author = {Chang, Chang and Mei, Junling and Wang, Yanzhou and {Al-Zogbi}, Lidia and Leonard, Simon and Jain, Amit and Iordachita, Iulian},
  year = {2025},
  publisher = {IEEE},
  address = {Atlanta, GA, USA}
}

@article{chargariBrachytherapyOverviewClinicians2019,
  title = {Brachytherapy: {{An Overview}} for {{Clinicians}}},
  author = {Chargari, Cyrus and Deutsch, Eric and Blanchard, Pierre and Gouy, Sebastien and Martelli, H{\'e}l{\`e}ne and Gu{\'e}rin, Florent and Dumas, Isabelle and Bossi, Alberto and Morice, Philippe and Viswanathan, Akila N. and {Haie-Meder}, Christine},
  year = {2019},
  journal = {CA: A Cancer Journal for Clinicians},
  volume = {69},
  number = {5},
  pages = {386--401},
  issn = {1542-4863},
  doi = {10.3322/caac.21578},
  urldate = {2025-04-10},
  copyright = {{\copyright} 2019 American Cancer Society},
  langid = {english}
}

@article{coevoetSoftwareToolkitModeling2017,
  title = {Software {{Toolkit}} for {{Modeling}}, {{Simulation}} and {{Control}} of {{Soft Robots}}},
  author = {Coevoet, Eulalie and Bieze, Thor Morales and Largilliere, Frederick and Zhang, Zhongkai and Thieffry, Maxime and Lopez, Mario Sanz and Carrez, Bruno and Marchal, Damien and Goury, Olivier and Dequidt, Jeremie and Duriez, Christian},
  year = {2017},
  journal = {Advanced Robotics},
  volume = {31},
  pages = {1208},
  doi = {10.1080/01691864.2017.1395362},
  urldate = {2025-04-08},
  langid = {english}
}

@article{dimaioInteractiveSimulationNeedle2005,
  title = {Interactive {{Simulation}} of {{Needle Insertion Models}}},
  author = {DiMaio, S.P. and Salcudean, S.E.},
  year = {2005},
  journal = {IEEE Transactions on Biomedical Engineering},
  volume = {52},
  number = {7},
  pages = {1167--1179},
  issn = {1558-2531},
  doi = {10.1109/TBME.2005.847548},
  urldate = {2025-04-04},
  keywords = {Finite Element,Needle Manipulation}
}

@article{dimaioNeedleSteeringMotion2005,
  title = {Needle {{Steering}} and {{Motion Planning}} in {{Soft Tissues}}},
  author = {DiMaio, S.P. and Salcudean, S.E.},
  year = {2005},
  journal = {IEEE Transactions on Biomedical Engineering},
  volume = {52},
  number = {6},
  pages = {965--974},
  issn = {1558-2531},
  doi = {10.1109/TBME.2005.846734},
  urldate = {2025-04-04},
  keywords = {Control,Finite Element,Needle Manipulation}
}

@article{dvorkinAutomaticSolutionNonlinear,
  title = {On the {{Automatic Solution}} of {{Nonlinear Finite Element Equations}}},
  author = {Dvorkin, KLAUS-JRGENBATHEand EDUARDN},
  langid = {english},
  keywords = {Finite Element}
}

@incollection{faureSOFAMultiModelFramework2012,
  title = {{{SOFA}}: {{A Multi-Model Framework}} for {{Interactive Physical Simulation}}},
  author = {Faure, Fran{\c c}ois and Duriez, Christian and Delingette, Herv{\'e} and Allard, J{\'e}r{\'e}mie and Gilles, Benjamin and Marchesseau, St{\'e}phanie and Talbot, Hugo and Courtecuisse, Hadrien and Bousquet, Guillaume and Peterlik, Igor and Cotin, St{\'e}phane},
  year = {2012},
  volume = {11},
  pages = {283},
  publisher = {Springer},
  doi = {10.1007/8415_2012_125},
  urldate = {2025-04-08},
  langid = {english}
}

@article{fischerMRICompatiblePneumaticRobot2008,
  title = {{{MRI-Compatible Pneumatic Robot}} for {{Transperineal Prostate Needle Placement}}},
  author = {Fischer, Gregory S. and Iordachita, Iulian and Csoma, Csaba and Tokuda, Junichi and DiMaio, Simon P. and Tempany, Clare M. and Hata, Nobuhiko and Fichtinger, Gabor},
  year = {2008},
  journal = {IEEE/ASME transactions on mechatronics : a joint publication of the IEEE Industrial Electronics Society and the ASME Dynamic Systems and Control Division},
  volume = {13},
  number = {3},
  pages = {295--305},
  issn = {1083-4435},
  doi = {10.1109/TMECH.2008.924044},
  urldate = {2025-03-30},
  pmcid = {PMC2974180},
  pmid = {21057608},
  keywords = {Design,Image Guidance,MRI,Needle Insertion}
}

@article{fritzAugmentedRealityVisualization2012,
  title = {Augmented {{Reality Visualization With Image Overlay}} for {{MRI-Guided Intervention}}: {{Accuracy}} for {{Lumbar Spinal Procedures With}} a 1.5-{{T MRI System}}},
  author = {Fritz, Jan and {U-Thainual}, Paweena and Ungi, Tamas and Flammang, Aaron J. and Cho, Nathan B. and Fichtinger, Gabor and Iordachita, Iulian I. and Carrino, John A.},
  year = {2012},
  journal = {American Journal of Roentgenology},
  volume = {198},
  number = {3},
  pages = {W266-W273},
  publisher = {American Roentgen Ray Society},
  issn = {0361-803X},
  doi = {10.2214/AJR.11.6918},
  urldate = {2025-03-30},
  keywords = {Image Guidance,Needle Manipulation,Pain Management}
}

@article{fritzManagementChronicLow2007,
  title = {Management of {{Chronic Low Back Pain}}: {{Rationales}}, {{Principles}}, and {{Targets}} of {{Imaging-guided Spinal Injections}}},
  author = {Fritz, Jan and Niemeyer, Thomas and Clasen, Stephan and Wiskirchen, Jakub and Tepe, Gunnar and Kastler, Bruno and N{\"a}gele, Thomas and K{\"o}nig, Claudius W. and Claussen, Claus D. and Pereira, Philippe L.},
  year = {2007},
  journal = {RadioGraphics},
  volume = {27},
  number = {6},
  pages = {1751--1771},
  issn = {0271-5333, 1527-1323},
  doi = {10.1148/rg.276065509},
  urldate = {2025-03-24},
  langid = {english},
  keywords = {Complications,CT,Fluoroscopy,Image Guidance,Injection,MRI,Needle Insertion,Pain Management,Radiation,Spine}
}

@article{giordanoCervicalSpineImaging2008,
  title = {Cervical {{Spine Imaging Using Standard C-Arm Fluoroscopy}}: {{Patient}} and {{Surgeon Exposure}} to {{Ionizing Radiation}}},
  author = {Giordano, Brian D. and Baumhauer, Judith F. and Morgan, Thomas L. and Rechtine, Glenn R.},
  year = {2008},
  journal = {Spine},
  volume = {33},
  number = {18},
  pages = {1970},
  issn = {0362-2436},
  doi = {10.1097/BRS.0b013e31817e69b7},
  urldate = {2025-02-12},
  langid = {american},
  keywords = {Fluoroscopy,Radiation,Spine}
}

@article{glozmanImageGuidedRoboticFlexible2007,
  title = {Image-{{Guided Robotic Flexible Needle Steering}}},
  author = {Glozman, Daniel and Shoham, Moshe},
  year = {2007},
  journal = {IEEE Transactions on Robotics},
  volume = {23},
  number = {3},
  pages = {459--467},
  issn = {1941-0468},
  doi = {10.1109/TRO.2007.898972},
  urldate = {2025-02-12},
  keywords = {Control,Finite Element,Fluoroscopy,Image Guidance,Path Planning}
}

@article{halpernPostduralPunctureHeadache1994,
  title = {Postdural {{Puncture Headache}} and {{Spinal Needle Design}}. {{Metaanalyses}}},
  author = {Halpern, S and Preston, R},
  year = {1994},
  journal = {Anesthesiology},
  volume = {81},
  number = {6},
  pages = {1376--1383},
  issn = {1528-1175},
  doi = {10.1097/00000542-199412000-00012},
  urldate = {2025-02-12},
  langid = {english},
  pmid = {7992906},
  keywords = {Design,Literature Review,Spine}
}

@article{hataMRICompatibleManipulatorRemoteCenterofMotion2008,
  title = {{{MRI}}-{{Compatible Manipulator}} with {{Remote}}-{{Center}}-of-{{Motion Control}}},
  author = {Hata, Nobuhiko and Tokuda, Junichi and Hurwitz, Shelley and Morikawa, Shigehiro},
  year = {2008},
  journal = {Journal of Magnetic Resonance Imaging},
  volume = {27},
  number = {5},
  pages = {1130--1138},
  issn = {1053-1807, 1522-2586},
  doi = {10.1002/jmri.21314},
  urldate = {2025-02-12},
  copyright = {http://onlinelibrary.wiley.com/termsAndConditions\#vor},
  langid = {english}
}

@article{heComparativeStudy852022,
  title = {A {{Comparative Study}} of 85 {{Hyperelastic Constitutive Models}} for {{Both Unfilled Rubber}} and {{Highly Filled Rubber Nanocomposite Material}}},
  author = {He, Hong and Zhang, Qiang and Zhang, Yaru and Chen, Jianfeng and Zhang, Liqun and Li, Fanzhu},
  year = {2022},
  journal = {Nano Materials Science},
  series = {Trends in {{Nanomaterials}} and {{Nanocomposites}}: {{Fundamentals}}, {{Modelling}} and {{Applications}} - {{Part A}}},
  volume = {4},
  number = {2},
  pages = {64--82},
  issn = {2589-9651},
  doi = {10.1016/j.nanoms.2021.07.003},
  urldate = {2025-04-01},
  keywords = {Biomechanics,Continuum Mechanics}
}

@article{hillFiberBraggGrating1997,
  title = {Fiber {{Bragg Grating Technology Fundamentals}} and {{Overview}}},
  author = {Hill, K.O. and Meltz, G.},
  year = {1997},
  journal = {Journal of Lightwave Technology},
  volume = {15},
  number = {8},
  pages = {1263--1276},
  issn = {1558-2213},
  doi = {10.1109/50.618320},
  urldate = {2025-04-03},
  keywords = {FBG}
}

@misc{HttpsLamorferhrImages,
  title = {{{https://lamor.fer.hr/images/50036607/2020-petrovic-heteroscedastic-ras.pdf}}},
  urldate = {2025-04-08},
  howpublished = {https://lamor.fer.hr/images/50036607/2020-petrovic-heteroscedastic-ras.pdf}
}

@book{humphreyIntroductionBiomechanicsSolids2025,
  title = {An {{Introduction}} to {{Biomechanics}}: {{Solids}} and {{Fluids}}, {{Analysis}} and {{Design}}},
  author = {Humphrey, Jay D. and O'Rourke, Sherry L.},
  year = {2025},
  publisher = {Springer Nature Switzerland},
  address = {Cham},
  doi = {10.1007/978-3-031-75383-1},
  urldate = {2025-04-01},
  copyright = {https://www.springernature.com/gp/researchers/text-and-data-mining},
  isbn = {978-3-031-75382-4 978-3-031-75383-1},
  langid = {english},
  keywords = {Biomechanics,Continuum Mechanics}
}

@article{issatayevaDesignAnalysisFiberOptic2021,
  title = {Design and {{Analysis}} of a {{Fiber-Optic Sensing System}} for {{Shape Reconstruction}} of a {{Minimally Invasive Surgical Needle}}},
  author = {Issatayeva, Aizhan and Amantayeva, Aida and Blanc, Wilfried and Tosi, Daniele and Molardi, Carlo},
  year = {2021},
  journal = {Scientific Reports},
  volume = {11},
  number = {1},
  pages = {8609},
  publisher = {Nature Publishing Group},
  issn = {2045-2322},
  doi = {10.1038/s41598-021-88117-7},
  urldate = {2025-04-03},
  copyright = {2021 The Author(s)},
  langid = {english},
  keywords = {FBG,Needles}
}

@article{jamaluddinIntraoperativeFactorsAssociated2017,
  title = {Intraoperative {{Factors Associated}} with {{Stranded Source Placement Accuracy}} in {{Low-Dose-Rate Prostate Brachytherapy}}},
  author = {Jamaluddin, M. F. and Ghosh, S. and Waine, M. P. and Tavakoli, M. and Amanie, J. and Murtha, A. D. and Yee, D. and Usmani, N.},
  year = {2017},
  journal = {Brachytherapy},
  volume = {16},
  number = {3},
  pages = {497--502},
  publisher = {Elsevier},
  issn = {1538-4721, 1873-1449},
  doi = {10.1016/j.brachy.2017.01.007},
  urldate = {2025-04-01},
  langid = {english},
  pmid = {28190784},
  keywords = {Brachytherapy,Image Guidance,Needle Insertion,Needle Manipulation}
}

@inproceedings{karimi3DSteerableActive2019,
  title = {{{3D Steerable Active Surgical Needle}}},
  booktitle = {2019 {{Design}} of {{Medical Devices Conference}}},
  author = {Karimi, Saeed and Konh, Bardia},
  year = {2019},
  pages = {V001T06A015},
  publisher = {American Society of Mechanical Engineers},
  address = {Minneapolis, Minnesota, USA},
  doi = {10.1115/DMD2019-3307},
  urldate = {2025-03-25},
  isbn = {978-0-7918-4103-7},
  keywords = {Design,Needle Insertion,Needles,Percutaneous Interventions}
}

@article{kellyDirectMechanicalCharacterization2019,
  title = {Direct {{Mechanical Characterization}} of {{Prostate Tissue}}---a {{Systematic Review}}},
  author = {Kelly, Niall P. and Flood, Hugh D. and Hoey, David A. and Kiely, Patrick A. and Giri, Subhasis K. and Coffey, J. Calvin and Walsh, Michael T.},
  year = {2019},
  journal = {The Prostate},
  volume = {79},
  number = {2},
  pages = {115--125},
  issn = {1097-0045},
  doi = {10.1002/pros.23718},
  urldate = {2025-04-08},
  langid = {english}
}

@inproceedings{khademMechanicsBasedModelSimulation2015,
  title = {A {{Mechanics-Based Model}} for {{Simulation}} and {{Control}} of {{Flexible Needle Insertion}} in {{Soft Tissue}}},
  booktitle = {2015 {{IEEE International Conference}} on {{Robotics}} and {{Automation}} ({{ICRA}})},
  author = {Khadem, Mohsen and Fallahi, Bita and Rossa, Carlos and Sloboda, Ron S. and Usmani, Nawaid and Tavakoli, Mahdi},
  year = {2015},
  pages = {2264--2269},
  issn = {1050-4729},
  doi = {10.1109/ICRA.2015.7139499},
  urldate = {2025-02-12},
  keywords = {Finite Element,Needle Insertion}
}

@article{khademUltrasoundGuidedModelPredictive2016,
  title = {Ultrasound-{{Guided Model Predictive Control}} of {{Needle Steering}} in {{Biological Tissue}}},
  author = {Khadem, Mohsen and Rossa, Carlos and Sloboda, Ron S. and Usmani, Nawaid and Tavakoli, Mahdi},
  year = {2016},
  journal = {Journal of Medical Robotics Research},
  volume = {01},
  number = {01},
  pages = {1640007},
  publisher = {World Scientific Publishing Co.},
  issn = {2424-905X},
  doi = {10.1142/S2424905X16400079},
  urldate = {2025-03-25},
  keywords = {Control,Image Guidance,Needle Insertion,Needle Steering,Ultrasound}
}

@article{kimConsiderationsFluoroscopicGuided2020,
  title = {{Considerations for Fluoroscopic Guided Intervention in Lumbar Spine}},
  author = {Kim, Dong-Hyun and Song, Kwang-Sup},
  year = {2020},
  journal = {Journal of the Korean Orthopaedic Association},
  volume = {55},
  number = {3},
  pages = {210--221},
  issn = {1226-2102},
  doi = {10.4055/jkoa.2020.55.3.210},
  urldate = {2025-04-08},
  langid = {korean}
}

@inproceedings{kimShapeDeterminationNeedle2017,
  title = {Shape {{Determination During Needle Insertion}} with {{Curvature Measurements}}},
  booktitle = {2017 {{IEEE}}/{{RSJ International Conference}} on {{Intelligent Robots}} and {{Systems}} ({{IROS}})},
  author = {Kim, Jin Seob and Guo, Jiangzhen and Chatrasingh, Maria and Kim, Sungmin and Iordachita, Iulian},
  year = {2017},
  pages = {201--208},
  issn = {2153-0866},
  doi = {10.1109/IROS.2017.8202158},
  urldate = {2025-04-02},
  keywords = {FBG,Needles}
}

@article{kobilarovCrossEntropyMotionPlanning2012,
  title = {Cross-{{Entropy Motion Planning}}},
  author = {Kobilarov, Marin},
  year = {2012},
  journal = {The International Journal of Robotics Research},
  volume = {31},
  number = {7},
  pages = {855--871},
  publisher = {SAGE Publications Ltd STM},
  issn = {0278-3649},
  doi = {10.1177/0278364912444543},
  urldate = {2025-04-08},
  langid = {english},
  keywords = {Path Planning}
}

@article{kramerImageGuidedInjectionTherapy2008,
  title = {Image-{{Guided Injection Therapy}} in the {{Lumbar Spine}}},
  author = {Kr{\"a}mer, J{\"u}rgen and Blettner, Maria and Hammer, Gael P},
  year = {2008},
  journal = {Deutsches Arzteblatt International},
  volume = {105},
  number = {34-35},
  pages = {596--598},
  issn = {1866-0452},
  doi = {10.3238/arztebl.2008.0596},
  urldate = {2025-02-12},
  pmcid = {PMC2680558},
  pmid = {19471678},
  keywords = {CT,Fluoroscopy,Image Guidance,Injection,Needle Insertion,Spine}
}

@article{kriegerDesignNovelMRI2005,
  title = {Design of a {{Novel MRI Compatible Manipulator}} for {{Image Guided Prostate Interventions}}},
  author = {Krieger, Axel and Susil, Robert C. and M{\'e}nard, Cynthia and Coleman, Jonathan A. and Fichtinger, Gabor and Atalar, Ergin and Whitcomb, Louis L.},
  year = {2005},
  journal = {Ieee Transactions on Bio-Medical Engineering},
  volume = {52},
  number = {2},
  pages = {306--313},
  issn = {0018-9294},
  doi = {10.1109/TBME.2004.840497},
  urldate = {2025-03-30},
  pmcid = {PMC3299496},
  pmid = {15709668},
  keywords = {Image Guidance,MRI,Needle Insertion}
}

@inproceedings{kuoRoboticsMinimallyInvasive2009,
  title = {Robotics for {{Minimally Invasive Surgery}}: {{A Historical Review}} from the {{Perspective}} of {{Kinematics}}},
  booktitle = {International {{Symposium}} on {{History}} of {{Machines}} and {{Mechanisms}}},
  author = {Kuo, Chin-Hsing and Dai, Jian S.},
  editor = {Yan, Hong-Sen and Ceccarelli, Marco},
  year = {2009},
  pages = {337--354},
  publisher = {Springer Netherlands},
  address = {Dordrecht},
  doi = {10.1007/978-1-4020-9485-9_24},
  isbn = {978-1-4020-9485-9},
  langid = {english},
  keywords = {Design,Kinematics,Literature Review}
}

@article{leeMeasurementsSurgeonsExposure2012,
  title = {Measurements of {{Surgeons}}' {{Exposure}} to {{Ionizing Radiation Dose During Intraoperative Use}} of {{C-Arm Fluoroscopy}}},
  author = {Lee, Kisung and Lee, Kyoung Min and Park, Moon Seok and Lee, Boram and Kwon, Dae Gyu and Chung, Chin Youb},
  year = {2012},
  journal = {Spine},
  volume = {37},
  number = {14},
  pages = {1240},
  issn = {0362-2436},
  doi = {10.1097/BRS.0b013e31824589d5},
  urldate = {2025-02-12},
  langid = {american},
  keywords = {Fluoroscopy,Radiation}
}

@article{lehmannDeflectionModelingNeedle2017,
  title = {Deflection {{Modeling}} for a {{Needle Actuated}} by {{Lateral Force}} and {{Axial Rotation During Insertion}} in {{Soft Phantom Tissue}}},
  author = {Lehmann, Thomas and Rossa, Carlos and Usmani, Nawaid and Sloboda, Ronald and Tavakoli, Mahdi},
  year = {2017},
  journal = {Mechatronics},
  volume = {48},
  pages = {42--53},
  issn = {0957-4158},
  doi = {10.1016/j.mechatronics.2017.10.008},
  urldate = {2025-02-12},
  keywords = {Finite Element,Needle Insertion,Surgical Robotics}
}

@inproceedings{lezcanoTrajectoryGenerationFBGSensorized2020,
  title = {Trajectory {{Generation}} of {{FBG-Sensorized Needles}} for {{Insertions}} into {{Multi-Layer Tissue}}},
  booktitle = {2020 {{IEEE SENSORS}}},
  author = {Lezcano, Dimitri A. and Iordachita, Iulian I. and Kim, Jin Seob},
  year = {2020},
  pages = {1--4},
  issn = {2168-9229},
  doi = {10.1109/SENSORS47125.2020.9278807},
  urldate = {2025-04-02},
  keywords = {FBG}
}

@article{liFullyActuatedBodyMounted2020,
  title = {Fully {{Actuated Body-Mounted Robotic System}} for {{MRI-Guided Lower Back Pain Injections}}: {{Initial Phantom}} and {{Cadaver Studies}}},
  author = {Li, Gang and Patel, Niravkumar A. and Wang, Yanzhou and Dumoulin, Charles and Loew, Wolfgang and Loparo, Olivia and Schneider, Katherine and Sharma, Karun and Cleary, Kevin and Fritz, Jan and Iordachita, Iulian},
  year = {2020},
  journal = {IEEE Robotics and Automation Letters},
  volume = {5},
  number = {4},
  pages = {5245--5251},
  issn = {2377-3766, 2377-3774},
  doi = {10.1109/LRA.2020.3007459},
  urldate = {2025-03-25},
  copyright = {https://ieeexplore.ieee.org/Xplorehelp/downloads/license-information/IEEE.html},
  langid = {english},
  keywords = {Design,Image Guidance,MRI,Needle Insertion,Pain Management}
}

@inproceedings{liFullyActuatedBodyMounted2020a,
  title = {A {{Fully Actuated Body-Mounted Robotic Assistant}} for {{MRI-Guided Low Back Pain Injection}}},
  booktitle = {2020 {{IEEE International Conference}} on {{Robotics}} and {{Automation}} ({{ICRA}})},
  author = {Li, Gang and Patel, Niravkumar A. and Liu, Weiqiang and Wu, Di and Sharma, Karun and Cleary, Kevin and Fritz, Jan and Iordachita, Iulian},
  year = {2020},
  pages = {5495--5501},
  issn = {2577-087X},
  doi = {10.1109/ICRA40945.2020.9197534},
  urldate = {2025-03-30},
  keywords = {Design,MRI,Pain Management}
}

@article{liReviewTechniquesUsed2022,
  title = {A {{Review}} on the {{Techniques Used}} in {{Prostate Brachytherapy}}},
  author = {Li, Yanlei and Yang, Chenguang and Bahl, Amit and Persad, Raj and Melhuish, Chris},
  year = {2022},
  journal = {Cognitive Computation and Systems},
  volume = {4},
  number = {4},
  pages = {317--328},
  issn = {2517-7567},
  doi = {10.1049/ccs2.12067},
  urldate = {2025-04-08},
  copyright = {{\copyright} 2022 The Authors. Cognitive Computation and Systems published by John Wiley \& Sons Ltd on behalf of The Institution of Engineering and Technology and Shenzhen University.},
  langid = {english},
  keywords = {Literature Review}
}

@inproceedings{liuEvaluationNeedleDriver2022,
  title = {Evaluation of {{Needle Driver Designs}} for {{Robot-Assisted Needle Insertions Under MRI Guidance}}},
  booktitle = {Volume 4: {{Biomedical}} and {{Biotechnology}}; {{Design}}, {{Systems}}, and {{Complexity}}},
  author = {Liu, Guanyun and Wang, Yanzhou and Li, Gang and Cleary, Kevin and Iordachita, Iulian},
  year = {2022},
  pages = {V004T06A020},
  publisher = {American Society of Mechanical Engineers},
  address = {Columbus, Ohio, USA},
  doi = {10.1115/IMECE2022-96678},
  urldate = {2025-03-25},
  isbn = {978-0-7918-8666-3},
  langid = {english},
  keywords = {Design}
}

@article{loprestiFiberBraggGratings2020,
  title = {Fiber {{Bragg Gratings}} for {{Medical Applications}} and {{Future Challenges}}: {{A Review}}},
  author = {Lo Presti, Daniela and Massaroni, Carlo and Jorge Leit{\~a}o, C{\'a}tia Sofia and De F{\'a}tima Domingues, Maria and Sypabekova, Marzhan and Barrera, David and Floris, Ignazio and Massari, Luca and Oddo, Calogero Maria and Sales, Salvador and Iordachita, Iulian Ioan and Tosi, Daniele and Schena, Emiliano},
  year = {2020},
  journal = {IEEE Access},
  volume = {8},
  pages = {156863--156888},
  issn = {2169-3536},
  doi = {10.1109/ACCESS.2020.3019138},
  urldate = {2025-04-02},
  keywords = {FBG,Literature Review}
}

@article{manchikantiEpiduralInterventionsManagement2021,
  title = {Epidural {{Interventions}} in the {{Management}} of {{Chronic Spinal Pain}}: {{American Society}} of {{Interventional Pain Physicians}} ({{ASIPP}}) {{Comprehensive Evidence-Based Guidelines}}},
  author = {Manchikanti, Laxmaiah and Knezevic, Nebojsa Nick and Navani, Annu and Christo, Paul J. and Limerick, Gerard and Calodney, Aaron K. and Grider, Jay and Harned, Michael E. and Cintron, Lynn and Gharibo, Christopher G. and Shah, Shalini and Nampiaparampil, Devi E. and Candido, Kenneth D. and Soin, Amol and Kaye, Alan D. and Kosanovic, Radomir and Magee, Trevor R. and Beall, Douglas P. and Atluri, Sairam and Gupta, Myank and Helm Ii, Standiford and Wargo, Bradley W. and Diwan, Sudhir and Aydin, Steve M. and Boswell, Mark V. and Haney, Bill W. and Albers, Sheri L. and Latchaw, Richard and {Abd-Elsayed}, Alaa and Conn, Ann and Hansen, Hans and Simopoulos, Thomas T. and Swicegood, John R. and Bryce, David A. and Singh, Vijay and Abdi, Salahadin and Bakshi, Sanjay and Buenaventura, Ricardo M. and Cabaret, Joseph A. and Jameson, Jessica and Jha, Sunny and Kaye, Adam M. and Pasupuleti, Ramarao and Rajput, Kartic and Sanapati, Mahendra R. and Sehgal, Nalini and Trescot, Andrea M. and Racz, Gabor B. and Gupta, Sanjeeva and Sharma, Manohar Lal and Grami, Vahid and Parr, Allan T. and Knezevic, Emilija and Datta, Sukdeb and Patel, Kunj G. and Tracy, Deborah H. and Cordner, Harold J. and Snook, Lee T. and Benyamin, Ramsin M. and Hirsch, Joshua A.},
  year = {2021},
  journal = {Pain Physician},
  volume = {24},
  number = {S1},
  pages = {S27-S208},
  issn = {2150-1149},
  langid = {english},
  pmid = {33492918}
}

@article{martinsComparativeStudySeveral2006,
  title = {A {{Comparative Study}} of {{Several Material Models}} for {{Prediction}} of {{Hyperelastic Properties}}: {{Application}} to {{Silicone-Rubber}} and {{Soft Tissues}}},
  author = {Martins, P. a. L. S. and Natal Jorge, R. M. and Ferreira, A. J. M.},
  year = {2006},
  journal = {Strain},
  volume = {42},
  number = {3},
  pages = {135--147},
  issn = {1475-1305},
  doi = {10.1111/j.1475-1305.2006.00257.x},
  urldate = {2025-04-01},
  langid = {english},
  keywords = {Biomechanics,Continuum Mechanics}
}

@inproceedings{meiEvaluationNeedleManipulation2025,
  title = {Evaluation of {{Needle Manipulation Controller Subject}} to {{Uncertainty}} of {{Tip Pose Feedback}}: {{A Simulation Study}}},
  booktitle = {2025 {{International Symposium}} on {{Medical Robotics}} ({{ISMR}})},
  author = {Mei, Junling and Chang, Chang and Wang, Yanzhou and Leonard, Simon and Iordachita, Iulian},
  year = {2025},
  address = {Atlanta, GA, USA}
}

@article{melzerINNOMOTIONPercutaneousImageGuided2008,
  title = {{{INNOMOTION}} for {{Percutaneous Image-Guided Interventions}}},
  author = {Melzer, Andreas and Gutmann, Bernd and Remmele, Thomas and Wolf, Renate and Lukoscheck, Andreas and Bock, Michael and Bardenheuer, Hubert and Fischer, Harald},
  year = {2008},
  journal = {IEEE Engineering in Medicine and Biology Magazine},
  volume = {27},
  number = {3},
  pages = {66--73},
  issn = {1937-4186},
  doi = {10.1109/EMB.2007.910274},
  urldate = {2025-02-12},
  keywords = {CT,Design,MRI,Needle Insertion,Pain Management,Percutaneous Interventions,Surgical Robotics}
}

@article{monfarediMRIRobotsNeedleBased2018,
  title = {{{MRI Robots}} for {{Needle-Based Interventions}}: {{Systems}} and {{Technology}}},
  author = {Monfaredi, Reza and Cleary, Kevin and Sharma, Karun},
  year = {2018},
  journal = {Annals of biomedical engineering},
  volume = {46},
  number = {10},
  pages = {1479--1497},
  issn = {0090-6964},
  doi = {10.1007/s10439-018-2075-x},
  urldate = {2025-02-12},
  pmcid = {PMC6203643},
  pmid = {29922958},
  keywords = {Design,FBG,Literature Review,MRI,Needle Insertion,Surgical Robotics}
}

@inproceedings{monfarediPrototypeBodyMountedMRICompatible2014,
  title = {A {{Prototype Body-Mounted MRI-Compatible Robot}} for {{Needle Guidance}} in {{Shoulder Arthrography}}},
  booktitle = {5th {{IEEE RAS}}/{{EMBS International Conference}} on {{Biomedical Robotics}} and {{Biomechatronics}}},
  author = {Monfaredi, R. and Seifabadi, R. and Iordachita, I. and Sze, R. and Safdar, N. M. and Sharma, K. and Fricke, S. and Krieger, A. and Cleary, K.},
  year = {2014},
  pages = {40--45},
  issn = {2155-1782},
  doi = {10.1109/BIOROB.2014.6913749},
  urldate = {2025-02-12},
  keywords = {Design,Needle Insertion,RCM,Surgical Robotics}
}

@article{moreiraEvaluationRobotAssistedMRIGuided2018,
  title = {Evaluation of {{Robot-Assisted MRI-Guided Prostate Biopsy}}: {{Needle Path Analysis During Clinical Trials}}},
  author = {Moreira, Pedro and Patel, Niravkumar and Wartenberg, Marek and Li, Gang and Tuncali, Kemal and Heffter, Tamas and Burdette, Everette C and Iordachita, Iulian and Fischer, Gregory S and Hata, Nobuhiko and Tempany, Clare M and Tokuda, Junichi},
  year = {2018},
  journal = {Physics in Medicine \& Biology},
  volume = {63},
  number = {20},
  pages = {20NT02},
  publisher = {IOP Publishing},
  issn = {0031-9155},
  doi = {10.1088/1361-6560/aae214},
  urldate = {2025-03-25},
  langid = {english},
  keywords = {MRI,Needle Insertion}
}

@article{moVitroCompressiveProperties2020,
  title = {In {{Vitro Compressive Properties}} of {{Skeletal Muscles}} and {{Inverse Finite Element Analysis}}: {{Comparison}} of {{Human Versus Animals}}},
  author = {Mo, Fuhao and Zheng, Zhefen and Zhang, Haotian and Li, Guibing and Yang, Zurong and Sun, Deyi},
  year = {2020},
  journal = {Journal of Biomechanics},
  volume = {109},
  pages = {109916},
  issn = {0021-9290},
  doi = {10.1016/j.jbiomech.2020.109916},
  urldate = {2025-02-12},
  keywords = {Biomechanics,Finite Element}
}

@inproceedings{nakamotoMagnetoOpticHybrid3D2000,
  title = {Magneto-{{Optic Hybrid}} 3-{{D Sensor}} for~{{Surgical~Navigation}}},
  booktitle = {Medical {{Image Computing}} and {{Computer-Assisted Intervention}} -- {{MICCAI}} 2000},
  author = {Nakamoto, Masahiko and Sato, Yoshinobu and Tamaki, Yasuhiro and Nagano, Hiroaki and Miyamoto, Masaki and Sasama, Toshihiko and Monden, Morito and Tamura, Shinichi},
  editor = {Delp, Scott L. and DiGoia, Anthony M. and Jaramaz, Branislav},
  year = {2000},
  pages = {839--848},
  publisher = {Springer},
  address = {Berlin, Heidelberg},
  doi = {10.1007/978-3-540-40899-4_87},
  isbn = {978-3-540-40899-4},
  langid = {english},
  keywords = {Magnetic Sensor}
}

@article{padasdaoShapeMemoryAlloy2020,
  title = {Shape {{Memory Alloy Actuators}} in an {{Active Needle}}---{{Modeling}}, {{Precise Assembly}}, and {{Performance Evaluation}}},
  author = {Padasdao, Blayton and Konh, Bardia},
  year = {2020},
  journal = {Journal of Manufacturing Science and Engineering},
  volume = {143},
  number = {021003},
  issn = {1087-1357},
  doi = {10.1115/1.4047737},
  urldate = {2025-04-04},
  keywords = {Needles}
}

@article{palmerSpinalInjectionsPain2016,
  title = {Spinal {{Injections}} for {{Pain Management}}},
  author = {Palmer, William E.},
  year = {2016},
  journal = {Radiology},
  volume = {281},
  number = {3},
  pages = {669--688},
  publisher = {Radiological Society of North America},
  issn = {0033-8419},
  doi = {10.1148/radiol.2016152055},
  urldate = {2025-04-03},
  keywords = {Image Guidance,Needle Insertion,Pain Management}
}

@inproceedings{parkDiffusionBasedMotionPlanning2005,
  title = {Diffusion-{{Based Motion Planning}} for a {{Nonholonomic Flexible Needle Model}}},
  booktitle = {Proceedings of the 2005 {{IEEE International Conference}} on {{Robotics}} and {{Automation}}},
  author = {Park, Wooram and Kim, Jin Seob and Zhou, Yu and Cowan, N.J. and Okamura, A.M. and Chirikjian, G.S.},
  year = {2005},
  pages = {4600--4605},
  issn = {1050-4729},
  doi = {10.1109/ROBOT.2005.1570829},
  urldate = {2025-04-04},
  keywords = {Needle Insertion,Needle Steering}
}

@article{parkRealTimeEstimation3D2010,
  title = {Real-{{Time Estimation}} of 3-{{D Needle Shape}} and {{Deflection}} for {{MRI-Guided Interventions}}},
  author = {Park, Yong-Lae and Elayaperumal, Santhi and Daniel, Bruce and Ryu, Seok Chang and Shin, Mihye and Savall, Joan and Black, Richard J. and Moslehi, Behzad and Cutkosky, Mark R.},
  year = {2010},
  journal = {IEEE/ASME transactions on mechatronics : a joint publication of the IEEE Industrial Electronics Society and the ASME Dynamic Systems and Control Division},
  volume = {15},
  number = {6},
  pages = {906--915},
  issn = {1083-4435},
  doi = {10.1109/TMECH.2010.2080360},
  urldate = {2025-04-02},
  pmcid = {PMC4577522},
  pmid = {26405428},
  keywords = {FBG,MRI,Needle Insertion}
}

@inproceedings{patelRoboticSystemMRIGuided2018,
  title = {Robotic {{System}} for {{MRI-Guided Shoulder Arthrography}}: {{Accuracy Evaluation}}},
  booktitle = {2018 {{International Symposium}} on {{Medical Robotics}} ({{ISMR}})},
  author = {Patel, Niravkumar A. and Azimi, Ehsan and Monfaredi, Reza and Sharma, Karun and Cleary, Kevin and Iordachita, Iulian},
  year = {2018},
  pages = {1--6},
  doi = {10.1109/ISMR.2018.8333299},
  urldate = {2025-03-30},
  keywords = {Design,Image Guidance,MRI,Needle Insertion}
}

@book{petersonBiomechanicsPrinciplesApplications2007,
  title = {Biomechanics: {{Principles}} and {{Applications}}, {{Second Edition}}},
  editor = {Peterson, Donald R. and Bronzino, Joseph D.},
  year = {2007},
  edition = {2},
  publisher = {CRC Press},
  address = {Boca Raton},
  doi = {10.1201/9781420008197},
  isbn = {978-0-429-12697-0},
  keywords = {Biomechanics}
}

@article{petrovicCrossEntropyBasedStochastic2020,
  title = {Cross-{{Entropy Based Stochastic Optimization}} of {{Robot Trajectories Using Heteroscedastic Continuous-Time Gaussian Processes}}},
  author = {Petrovi{\'c}, Luka and Per{\v s}i{\'c}, Juraj and Seder, Marija and Markovi{\'c}, Ivan},
  year = {2020},
  journal = {Robotics and Autonomous Systems},
  volume = {133},
  pages = {103618},
  issn = {09218890},
  doi = {10.1016/j.robot.2020.103618},
  urldate = {2025-04-08},
  langid = {english},
  keywords = {Path Planning}
}

@article{podderVivoMotionForce2006,
  title = {Vivo {{Motion}} and {{Force Measurement}} of {{Surgical Needle Intervention During Prostate Brachytherapy}}},
  author = {Podder, Tarun and Clark, Douglas and Sherman, Jason and Fuller, Dave and Messing, Edward and Rubens, Deborah and Strang, John and Brasacchio, Ralph and Liao, Lydia and Ng, Wan-Sing and Yu, Yan},
  year = {2006},
  journal = {Medical Physics},
  volume = {33},
  number = {8},
  pages = {2915--2922},
  issn = {0094-2405},
  doi = {10.1118/1.2218061},
  langid = {english},
  pmid = {16964869},
  keywords = {Brachytherapy}
}

@article{polygerinosMRICompatibleFiberOpticForce2010,
  title = {{{MRI-Compatible Fiber-Optic Force Sensors}} for {{Catheterization Procedures}}},
  author = {Polygerinos, Panagiotis and Zbyszewski, Dinusha and Schaeffter, Tobias and Razavi, Reza and Seneviratne, Lakmal D. and Althoefer, Kaspar},
  year = {2010},
  journal = {IEEE Sensors Journal},
  volume = {10},
  number = {10},
  pages = {1598--1608},
  issn = {1558-1748},
  doi = {10.1109/JSEN.2010.2043732},
  urldate = {2025-04-02},
  keywords = {FBG,Literature Review,MRI}
}

@article{prestiProstateBiopsyCurrent2007,
  title = {Prostate {{Biopsy}}: {{Current Status}} and {{Limitations}}},
  author = {Presti, Joseph C},
  year = {2007},
  journal = {Reviews in Urology},
  volume = {9},
  number = {3},
  pages = {93--98},
  issn = {1523-6161},
  urldate = {2025-04-10},
  pmcid = {PMC2002498},
  pmid = {17934565}
}

@article{ragdeModernProstateBrachytherapy2000,
  title = {Modern {{Prostate Brachytherapy}}},
  author = {Ragde, H. and Grado, G. L. and Nadir, B. and Elgamal, A. A.},
  year = {2000},
  journal = {CA: a cancer journal for clinicians},
  volume = {50},
  number = {6},
  pages = {380--393},
  issn = {0007-9235},
  doi = {10.3322/canjclin.50.6.380},
  langid = {english},
  pmid = {11146904}
}

@article{roesthuisMechanicsNeedleTissueInteraction,
  title = {Mechanics of {{Needle-Tissue Interaction}}},
  author = {Roesthuis, Roy},
  langid = {english},
  keywords = {Needle Insertion}
}

@article{roesthuisThreeDimensionalNeedleShape2014,
  title = {Three-{{Dimensional Needle Shape Reconstruction Using}} an {{Array}} of {{Fiber Bragg Grating Sensors}}},
  author = {Roesthuis, Roy J. and Kemp, Marco and {van den Dobbelsteen}, John J. and Misra, Sarthak},
  year = {2014},
  journal = {IEEE/ASME Transactions on Mechatronics},
  volume = {19},
  number = {4},
  pages = {1115--1126},
  issn = {1941-014X},
  doi = {10.1109/TMECH.2013.2269836},
  urldate = {2025-04-02},
  keywords = {FBG,Needle Insertion}
}

@article{rossaAdaptiveQuasiStaticModelling2016,
  title = {Adaptive {{Quasi-Static Modelling}} of {{Needle Deflection During Steering}} in {{Soft Tissue}}},
  author = {Rossa, Carlos and Khadem, Mohsen and Sloboda, Ronald and Usmani, Nawaid and Tavakoli, Mahdi},
  year = {2016},
  journal = {IEEE Robotics and Automation Letters},
  volume = {1},
  number = {2},
  pages = {916--923},
  issn = {2377-3766},
  doi = {10.1109/LRA.2016.2527065},
  urldate = {2025-02-12},
  keywords = {Finite Element,Image Guidance,Needle Insertion}
}

@article{rossaHandHeldAssistantSemiautomated2017,
  title = {A {{Hand-Held Assistant}} for {{Semiautomated Percutaneous Needle Steering}}},
  author = {Rossa, Carlos and Usmani, Nawaid and Sloboda, Ronald and Tavakoli, Mahdi},
  year = {2017},
  journal = {IEEE Transactions on Biomedical Engineering},
  volume = {64},
  number = {3},
  pages = {637--648},
  issn = {1558-2531},
  doi = {10.1109/TBME.2016.2565690},
  urldate = {2025-03-25},
  keywords = {Brachytherapy,Control,Design,Image Guidance,Needle Insertion}
}

@article{ryuFeasibilityStudyOptically2011,
  title = {Feasibility {{Study}} of an {{Optically Actuated MR-Compatible Active Needle}}},
  author = {Ryu, Seok Chang and Renaud, Pierre and Black, Richard J. and Daniel, Bruce L. and Cutkosky, Mark R.},
  year = {2011},
  journal = {Proceedings of the ... IEEE/RSJ International Conference on Intelligent Robots and Systems. IEEE/RSJ International Conference on Intelligent Robots and Systems},
  volume = {2011},
  pages = {2564--2569},
  issn = {2153-0858},
  doi = {10.1109/IROS.2011.6094945},
  urldate = {2025-04-04},
  pmcid = {PMC4620048},
  pmid = {26509100},
  keywords = {Needles}
}

@article{sadjadiSimultaneousElectromagneticTracking2016,
  title = {Simultaneous {{Electromagnetic Tracking}} and {{Calibration}} for {{Dynamic Field Distortion Compensation}}},
  author = {Sadjadi, Hossein and {Hashtrudi-Zaad}, Keyvan and Fichtinger, Gabor},
  year = {2016},
  journal = {IEEE Transactions on Biomedical Engineering},
  volume = {63},
  number = {8},
  pages = {1771--1781},
  issn = {1558-2531},
  doi = {10.1109/TBME.2015.2502138},
  urldate = {2025-04-09},
  keywords = {EM}
}

@article{schaeferOptimizedNeedleShape2019,
  title = {Optimized {{Needle Shape Reconstruction Using Experimentally Based Strain Sensors Positioning}}},
  author = {Schaefer, Pierre-Loup and Chagnon, Gr{\'e}gory and {Moreau-Gaudry}, Alexandre},
  year = {2019},
  journal = {Medical \& Biological Engineering \& Computing},
  volume = {57},
  number = {9},
  pages = {1901--1916},
  issn = {1741-0444},
  doi = {10.1007/s11517-019-02001-1},
  urldate = {2025-04-03},
  langid = {english},
  keywords = {FBG,Needles}
}

@inproceedings{seifabadiRealTimeTrackingBevelTip2013,
  title = {Real-{{Time Tracking}} of a {{Bevel-Tip Needle}} with {{Varying Insertion Depth}}: {{Toward Teleoperated Mri-Guided Needle Steering}}},
  booktitle = {2013 {{IEEE}}/{{RSJ International Conference}} on {{Intelligent Robots}} and {{Systems}}},
  author = {Seifabadi, Reza and Gomez, Esteban Escobar and Aalamifar, Fereshteh and Fichtinger, Gabor and Iordachita, Iulian},
  year = {2013},
  pages = {469--476},
  issn = {2153-0866},
  doi = {10.1109/IROS.2013.6696393},
  urldate = {2025-04-02},
  keywords = {FBG,MRI,Needle Insertion}
}

@article{serefogluHowReliable12Core2013,
  title = {How {{Reliable Is}} 12-{{Core Prostate Biopsy Procedure}} in the {{Detection}} of {{Prostate Cancer}}?},
  author = {Serefoglu, Ege Can and Altinova, Serkan and Ugras, Nevzat Serdar and Akincioglu, Egemen and Asil, Erem and Balbay, M. Derya},
  year = {2013},
  journal = {Canadian Urological Association Journal},
  volume = {7},
  number = {5-6},
  pages = {E293-E298},
  issn = {1911-6470},
  doi = {10.5489/cuaj.11224},
  urldate = {2025-04-10},
  pmcid = {PMC3668408},
  pmid = {22398204}
}

@article{shanahanComparisonPermanentProstate2002,
  title = {A {{Comparison}} of {{Permanent Prostate Brachytherapy Techniques}}: {{Preplan Vs}}. {{Hybrid Interactive Planning}} with {{Postimplant Analysis}}},
  author = {Shanahan, Thomas G and Nanavati, Parashar J and Mueller, Paul W and Maxey, Randy B},
  year = {2002},
  journal = {International Journal of Radiation Oncology, Biology, Physics},
  volume = {53},
  number = {2},
  pages = {490--496},
  issn = {0360-3016},
  doi = {10.1016/S0360-3016(02)02757-8},
  urldate = {2025-04-08},
  keywords = {Brachytherapy,Image Guidance,Needle Manipulation}
}

@article{shengLoadSteppingSchemes2001,
  title = {Load {{Stepping Schemes}} for {{Critical State Models}}},
  author = {Sheng, Daichao and Sloan, Scott W.},
  year = {2001},
  journal = {International Journal for Numerical Methods in Engineering},
  volume = {50},
  number = {1},
  pages = {67--93},
  issn = {1097-0207},
  doi = {10.1002/1097-0207(20010110)50:1<67::AID-NME22>3.0.CO;2-N},
  urldate = {2025-04-02},
  copyright = {Copyright {\copyright} 2001 John Wiley \& Sons, Ltd.},
  langid = {english},
  keywords = {Finite Element}
}

@article{shethSocietyInterventionalRadiology2020,
  title = {Society of {{Interventional Radiology Quality Improvement Standards}} on {{Percutaneous Needle Biopsy}} in {{Adult}} and {{Pediatric Patients}}},
  author = {Sheth, Rahul A. and Baerlocher, Mark O. and Connolly, Bairbre L. and Dariushnia, Sean R. and Shyn, Paul B. and Vatsky, Seth and Tam, Alda L. and Gupta, Sanjay},
  year = {2020},
  journal = {Journal of Vascular and Interventional Radiology},
  volume = {31},
  number = {11},
  pages = {1840--1848},
  issn = {1051-0443},
  doi = {10.1016/j.jvir.2020.07.012},
  urldate = {2025-04-10}
}

@article{shiShapeSensingTechniques2017,
  title = {Shape {{Sensing Techniques}} for {{Continuum Robots}} in {{Minimally Invasive Surgery}}: {{A Survey}}},
  author = {Shi, Chaoyang and Luo, Xiongbiao and Qi, Peng and Li, Tianliang and Song, Shuang and Najdovski, Zoran and Fukuda, Toshio and Ren, Hongliang},
  year = {2017},
  journal = {IEEE Transactions on Biomedical Engineering},
  volume = {64},
  number = {8},
  pages = {1665--1678},
  issn = {1558-2531},
  doi = {10.1109/TBME.2016.2622361},
  urldate = {2025-04-01},
  keywords = {EM,FBG,Literature Review}
}

@article{silbergleitImagingguidedInjectionTechniques2001,
  title = {Imaging-Guided {{Injection Techniques}} with {{Fluoroscopy}} and {{CT}} for {{Spinal Pain Management}}},
  author = {Silbergleit, Richard and Mehta, Bharat A. and Sanders, William P. and Talati, Sanjay J.},
  year = {2001},
  journal = {RadioGraphics},
  volume = {21},
  number = {4},
  pages = {927--939},
  publisher = {Radiological Society of North America},
  issn = {0271-5333},
  doi = {10.1148/radiographics.21.4.g01jl15927},
  urldate = {2025-02-12},
  keywords = {CT,Fluoroscopy,Image Guidance,Injection,Pain Management,Spine}
}

@article{simonVivoTopographicAnalysis2012,
  title = {In {{Vivo Topographic Analysis}} of {{Lumbar Facet Joint Space Width Distribution}} in {{Healthy}} and {{Symptomatic Subjects}}},
  author = {Simon, Peter and Espinoza Or{\'i}as, Alejandro A. and Andersson, Gunnar B. J. and An, Howard S. and Inoue, Nozomu},
  year = {2012},
  journal = {Spine},
  volume = {37},
  number = {12},
  pages = {1058--1064},
  issn = {0362-2436},
  doi = {10.1097/BRS.0b013e3182552ec9},
  urldate = {2025-02-12},
  pmcid = {PMC3685171},
  pmid = {22433501},
  keywords = {Spine}
}

@article{singhMechanicalPropertiesWholeBody2021,
  title = {Mechanical {{Properties}} of {{Whole-Body Soft Human Tissues}}: {{A Review}}},
  author = {Singh, Gurpreet and Chanda, Arnab},
  year = {2021},
  journal = {Biomedical Materials},
  volume = {16},
  number = {6},
  pages = {062004},
  publisher = {IOP Publishing},
  issn = {1748-605X},
  doi = {10.1088/1748-605X/ac2b7a},
  urldate = {2025-02-12},
  langid = {english},
  keywords = {Biomechanics,Continuum Mechanics,Literature Review}
}

@article{smitUseQuadrupedVivo2002,
  title = {The {{Use}} of a {{Quadruped}} as an in {{Vivo Model}} for the {{Study}} of the {{Spine}} -- {{Biomechanical Considerations}}},
  author = {Smit, Theo H.},
  year = {2002},
  journal = {European Spine Journal},
  volume = {11},
  number = {2},
  pages = {137--144},
  issn = {0940-6719},
  doi = {10.1007/s005860100346},
  urldate = {2025-04-03},
  pmcid = {PMC3610505},
  pmid = {11956920},
  keywords = {Biomechanics}
}

@inproceedings{songDesignEvaluationDouble2013,
  title = {Design {{Evaluation}} of a {{Double Ring Rcm Mechanism}} for {{Robotic Needle Guidance}} in {{MRI-Guided Liver Interventions}}},
  booktitle = {2013 {{IEEE}}/{{RSJ International Conference}} on {{Intelligent Robots}} and {{Systems}}},
  author = {Song, Sang-Eun and Tokuda, Junichi and Tuncali, Kemal and Yamada, Atsushi and Torabi, Meysam and Hata, Nobuhiko},
  year = {2013},
  pages = {4078--4083},
  issn = {2153-0866},
  doi = {10.1109/IROS.2013.6696940},
  urldate = {2025-02-12},
  keywords = {Design,MRI,Needle Insertion,RCM,Surgical Robotics}
}

@misc{StandardTestMethods,
  title = {Standard {{Test Methods}} for {{Rubber Properties}} in {{Compression}}},
  urldate = {2025-04-08},
  langid = {english}
}

@article{stoianoviciMultiImagerCompatibleMR2018,
  title = {Multi-{{Imager Compatible}}, {{MR Safe}}, {{Remote Center}} of {{Motion Needle-Guide Robot}}},
  author = {Stoianovici, Dan and Jun, Changhan and Lim, Sunghwan and Li, Pan and Petrisor, Doru and Fricke, Stanley and Sharma, Karun and Cleary, Kevin},
  year = {2018},
  journal = {IEEE Transactions on Biomedical Engineering},
  volume = {65},
  number = {1},
  pages = {165--177},
  issn = {1558-2531},
  doi = {10.1109/TBME.2017.2697766},
  urldate = {2025-02-12},
  keywords = {Design,Image Guidance,MRI,RCM,Surgical Robotics}
}

@article{suhFastSamplingBasedCostAware2017,
  title = {Fast {{Sampling-Based Cost-Aware Path Planning With Nonmyopic Extensions Using Cross Entropy}}},
  author = {Suh, Junghun and Gong, Joonsig and Oh, Songhwai},
  year = {2017},
  journal = {IEEE Transactions on Robotics},
  volume = {33},
  number = {6},
  pages = {1313--1326},
  issn = {1941-0468},
  doi = {10.1109/TRO.2017.2738664},
  urldate = {2025-04-08},
  keywords = {Path Planning}
}

@article{susilSystemMRImage2003,
  title = {System for {{MR Image}}--{{Guided Prostate Interventions}}: {{Canine Study}}},
  author = {Susil, Robert C. and Krieger, Axel and Derbyshire, J. Andrew and Tanacs, Attila and Whitcomb, Louis L. and Fichtinger, Gabor and Atalar, Ergin},
  year = {2003},
  journal = {Radiology},
  volume = {228},
  number = {3},
  pages = {886--894},
  issn = {0033-8419},
  doi = {10.1148/radiol.2283020911},
  urldate = {2025-03-30},
  pmcid = {PMC3302165},
  pmid = {12954903},
  keywords = {Design,Image Guidance,MRI,Needle Insertion}
}

@article{susilSystemProstateBrachytherapy2004,
  title = {System for {{Prostate Brachytherapy}} and {{Biopsy}} in a {{Standard}} 1.5 {{T MRI Scanner}}},
  author = {Susil, Robert C. and Camphausen, Kevin and Choyke, Peter and McVeigh, Elliot R. and Gustafson, Gary S. and Ning, Holly and Miller, Robert W. and Atalar, Ergin and Coleman, C. Norman and M{\'e}nard, Cynthia},
  year = {2004},
  journal = {Magnetic Resonance in Medicine},
  volume = {52},
  number = {3},
  pages = {683--687},
  issn = {1522-2594},
  doi = {10.1002/mrm.20138},
  urldate = {2025-03-30},
  copyright = {Published 2004 Wiley-Liss, Inc.},
  langid = {english},
  keywords = {Image Guidance,MRI,Needle Insertion}
}

@article{suStateArtFuture2022,
  title = {State of the {{Art}} and {{Future Opportunities}} in {{MRI-Guided Robot-Assisted Surgery}} and {{Interventions}}},
  author = {Su, Hao and Kwok, Ka-Wai and Cleary, Kevin and Iordachita, Iulian and Cavusoglu, M. Cenk and Desai, Jaydev P. and Fischer, Gregory S.},
  year = {2022},
  journal = {Proceedings of the IEEE},
  volume = {110},
  number = {7},
  pages = {968--992},
  issn = {1558-2256},
  doi = {10.1109/JPROC.2022.3169146},
  urldate = {2025-02-12},
  keywords = {Design,FBG,Image Guidance,Literature Review,MRI,Sensors,Surgical Robotics}
}

@article{taffoniOpticalFiberBasedMRCompatible2013,
  title = {Optical {{Fiber-Based MR-Compatible Sensors}} for {{Medical Applications}}: {{An Overview}}},
  author = {Taffoni, Fabrizio and Formica, Domenico and Saccomandi, Paola and Pino, Giovanni Di and Schena, Emiliano},
  year = {2013},
  journal = {Sensors},
  volume = {13},
  number = {10},
  pages = {14105--14120},
  publisher = {Multidisciplinary Digital Publishing Institute},
  issn = {1424-8220},
  doi = {10.3390/s131014105},
  urldate = {2025-04-02},
  copyright = {http://creativecommons.org/licenses/by/3.0/},
  langid = {english},
  keywords = {FBG,Literature Review,MRI}
}

@article{taoPathPlanningUncertain2022,
  title = {Path {{Planning}} in {{Uncertain Environment With Moving Obstacles Using Warm Start Cross Entropy}}},
  author = {Tao, Xiuye and Lang, Ning and Li, Huiping and Xu, Demin},
  year = {2022},
  journal = {IEEE/ASME Transactions on Mechatronics},
  volume = {27},
  number = {2},
  pages = {800--810},
  issn = {1941-014X},
  doi = {10.1109/TMECH.2021.3071723},
  urldate = {2025-04-08},
  keywords = {Path Planning}
}

@article{tejo-oteroSoftTissueMimickingUsingHydrogels2022,
  title = {Soft-{{Tissue-Mimicking Using Hydrogels}} for the {{Development}} of {{Phantoms}}},
  author = {{Tejo-Otero}, Aitor and {Fenollosa-Art{\'e}s}, Felip and Achaerandio, Isabel and {Rey-Vinolas}, Sergi and {Buj-Corral}, Irene and {Mateos-Timoneda}, Miguel {\'A}ngel and Engel, Elisabeth},
  year = {2022},
  journal = {Gels (Basel, Switzerland)},
  volume = {8},
  number = {1},
  pages = {40},
  issn = {2310-2861},
  doi = {10.3390/gels8010040},
  langid = {english},
  pmcid = {PMC8774477},
  pmid = {35049575}
}

@article{terzanoAdaptiveFiniteElement2020,
  title = {An {{Adaptive Finite Element Model}} for {{Steerable Needles}}},
  author = {Terzano, Michele and Dini, Daniele and {Rodriguez y Baena}, Ferdinando and Spagnoli, Andrea and Oldfield, Matthew},
  year = {2020},
  journal = {Biomechanics and Modeling in Mechanobiology},
  volume = {19},
  number = {5},
  pages = {1809--1825},
  issn = {1617-7940},
  doi = {10.1007/s10237-020-01310-x},
  urldate = {2025-04-01},
  langid = {english},
  keywords = {Finite Element,Needle Insertion}
}

@article{tsekosMagneticResonanceCompatible2007,
  title = {Magnetic {{Resonance}}--{{Compatible Robotic}} and {{Mechatronics Systems}} for {{Image-Guided Interventions}} and {{Rehabilitation}}: {{A Review Study}}},
  author = {Tsekos, Nikolaos V. and Khanicheh, Azadeh and Christoforou, Eftychios and Mavroidis, Constantinos},
  year = {2007},
  journal = {Annual Review of Biomedical Engineering},
  volume = {9},
  number = {Volume 9, 2007},
  pages = {351--387},
  publisher = {Annual Reviews},
  issn = {1523-9829, 1545-4274},
  doi = {10.1146/annurev.bioeng.9.121806.160642},
  urldate = {2025-04-10},
  langid = {english},
  keywords = {Literature Review}
}

@article{tsenNeedlesUsedSpinal2006,
  title = {Needles {{Used}} for {{Spinal Anesthesia}}},
  author = {Tsen, Lawrence C and Hepner, David L},
  year = {2006},
  journal = {Expert Review of Medical Devices},
  volume = {3},
  number = {4},
  pages = {499--508},
  publisher = {Taylor \& Francis},
  issn = {1743-4440},
  doi = {10.1586/17434440.3.4.499},
  urldate = {2025-03-30},
  pmid = {16866646},
  keywords = {Needles}
}

@article{urreaEvaluationFrictionCoefficient2016,
  title = {Evaluation of the {{Friction Coefficient}}, the {{Radial Stress}}, and the {{Damage Work During Needle Insertions}} into {{Agarose Gels}}},
  author = {Urrea, Fabi{\'a}n A. and Casanova, Fernando and Orozco, Gustavo A. and Garc{\'i}a, Jos{\'e} J.},
  year = {2016},
  journal = {Journal of the Mechanical Behavior of Biomedical Materials},
  volume = {56},
  pages = {98--105},
  issn = {1751-6161},
  doi = {10.1016/j.jmbbm.2015.11.024},
  urldate = {2025-03-31}
}

@article{vandebergDesignChoicesNeedle2015,
  title = {Design {{Choices}} in {{Needle Steering}}---{{A Review}}},
  author = {{van de Berg}, Nick J. and {van Gerwen}, Dennis J. and Dankelman, Jenny and {van den Dobbelsteen}, John J.},
  year = {2015},
  journal = {IEEE/ASME Transactions on Mechatronics},
  volume = {20},
  number = {5},
  pages = {2172--2183},
  issn = {1941-014X},
  doi = {10.1109/TMECH.2014.2365999},
  urldate = {2025-03-25},
  keywords = {Design,Literature Review,Needle Insertion,Needle Manipulation}
}

@article{wanBrachytherapyNeedleDeflection2005,
  title = {Brachytherapy {{Needle Deflection Evaluation}} and {{Correction}}},
  author = {Wan, Gang and Wei, Zhouping and Gardi, Lori and Downey, Donal B. and Fenster, Aaron},
  year = {2005},
  journal = {Medical Physics},
  volume = {32},
  number = {4},
  pages = {902--909},
  issn = {2473-4209},
  doi = {10.1118/1.1871372},
  urldate = {2025-03-25},
  copyright = {{\copyright} 2005 American Association of Physicists in Medicine},
  langid = {english},
  keywords = {Image Guidance}
}

@article{wangBevelTipNeedleDeflection2024,
  title = {Bevel-{{Tip Needle Deflection Modeling}}, {{Simulation}}, and {{Validation}} in {{Multi-Layer Tissues}}},
  author = {Wang, Yanzhou and {Al-Zogbi}, Lidia and Liu, Guanyun and Liu, Jiawei and Tokuda, Junichi and Krieger, Axel and Iordachita, Iulian},
  year = {2024},
  journal = {IEEE International Conference on Robotics and Automation : ICRA : [proceedings]. IEEE International Conference on Robotics and Automation},
  volume = {2024},
  pages = {11598--11604},
  issn = {2152-4092},
  doi = {10.1109/icra57147.2024.10610110},
  urldate = {2025-03-25},
  pmcid = {PMC11494283},
  pmid = {39439443},
  keywords = {Biomechanics,Finite Element,Needle Insertion,Needle Manipulation,Percutaneous Interventions,Simulation}
}

@article{wangFlexibleNeedleBending2023,
  title = {Flexible {{Needle Bending Model}} for {{Spinal Injection Procedures}}},
  author = {Wang, Yanzhou and Kwok, Ka-Wai and Cleary, Kevin and Taylor, Russell H. and Iordachita, Iulian},
  year = {2023},
  journal = {IEEE Robotics and Automation Letters},
  volume = {8},
  number = {3},
  pages = {1343--1350},
  issn = {2377-3766},
  doi = {10.1109/LRA.2023.3239310},
  urldate = {2025-02-12},
  keywords = {Biomechanics,Finite Element,Needle Insertion,Percutaneous Interventions,RCM,Spine}
}

@article{wangHighPrecisionAutonomousControl2025,
  title = {High-{{Precision Autonomous Control}} of {{Flexible Needls}} via {{Realtime Finite Element Simulation}} and {{Cross-Entropy Optimization}}},
  author = {Wang, Yanzhou and Chang, Chang and Mei, Junling and Leonard, Simon and Taylor, Russell H. and Iordachita, Iulian},
  year = {2025}
}

@inproceedings{wangMRConditionalNeedleDriver2022,
  title = {An {{MR-Conditional Needle Driver}} for {{Robot-Assisted Spinal Injections}}: {{Design Modifications}} and {{Evaluations}}},
  booktitle = {2022 44th {{Annual International Conference}} of the {{IEEE Engineering}} in {{Medicine}} \& {{Biology Society}} ({{EMBC}})},
  author = {Wang, Yanzhou and Liu, Guanyun and Li, Gang and Cleary, Kevin and Iordachita, Iulian},
  year = {2022},
  pages = {3307--3312},
  publisher = {IEEE},
  address = {Glasgow, Scotland, United Kingdom},
  doi = {10.1109/EMBC48229.2022.9871596},
  urldate = {2025-03-25},
  copyright = {https://doi.org/10.15223/policy-029},
  isbn = {978-1-7281-2782-8},
  langid = {english},
  keywords = {Design}
}

@article{wangSafeSituNeedle2021,
  title = {Towards {{Safe In Situ Needle Manipulation}} for {{Robot Assisted Lumbar Injection}} in {{Interventional MRI}}},
  author = {Wang, Yanzhou and Li, Gang and Kwok, Ka-Wai and Cleary, Kevin and Taylor, Russell H. and Iordachita, Iulian},
  year = {2021},
  journal = {Proceedings of the IEEE/RSJ International Conference on Intelligent Robots and Systems. IEEE/RSJ International Conference on Intelligent Robots and Systems},
  volume = {2021},
  pages = {1835--1842},
  issn = {2153-0858},
  doi = {10.1109/iros51168.2021.9636220},
  urldate = {2025-02-12},
  pmcid = {PMC8845499},
  pmid = {35173994},
  keywords = {Needle Insertion,Percutaneous Interventions,RCM,Surgical Robotics}
}

@inproceedings{wangShapeManipulationBevelTip2024,
  title = {Shape {{Manipulation}} of {{Bevel-Tip Needles}} for {{Prostate Biopsy Procedures}}: {{A Comparison}} of {{Two Resolved-Rate Controllers}}},
  booktitle = {2024 46th {{Annual International Conference}} of the {{IEEE Engineering}} in {{Medicine}} and {{Biology Society}} ({{EMBC}})},
  author = {Wang, Yanzhou and {Al-Zogbi}, Lidia and Liu, Jiawei and Shepard, Lauren and Ghazi, Ahmed and Tokuda, Junichi and Leonard, Simon and Krieger, Axel and Iordachita, Iulian},
  year = {2024},
  pages = {1--7},
  issn = {2694-0604},
  doi = {10.1109/EMBC53108.2024.10781867},
  urldate = {2025-03-25},
  keywords = {Control,Needle Manipulation,Percutaneous Interventions}
}

@article{wangSimulationbasedFlexibleNeedle2024,
  title = {Simulation-Based {{Flexible Needle Control}} with {{Single-core FBG Feedback}} for {{Spinal Injections}}},
  author = {Wang, Yanzhou and Xu, Yangsheng and Kang, Jiarong and Fritz, Jan and Iordachita, Iulian},
  year = {2024},
  journal = {IEEE Transactions on Medical Robotics and Bionics},
  volume = {6},
  number = {3},
  pages = {1073--1083},
  issn = {2576-3202},
  doi = {10.1109/tmrb.2024.3421630},
  urldate = {2025-03-25},
  pmcid = {PMC11315370},
  pmid = {39131204},
  keywords = {Control,FBG,Injection,Needle Manipulation,Pain Management,Percutaneous Interventions,Simulation}
}

@inproceedings{wangSituFlexibleNeedle2023,
  title = {In {{Situ Flexible Needle Adjustment Towards MRI-Guided Spinal Injections Based}} on {{Finite Element Simulation}}},
  booktitle = {2023 {{International Symposium}} on {{Medical Robotics}} ({{ISMR}})},
  author = {Wang, Yanzhou and Xu, Yangsheng and Kwok, Ka-Wai and Iordachita, Iulian},
  year = {2023},
  pages = {1--7},
  publisher = {IEEE},
  address = {Atlanta, GA, USA},
  doi = {10.1109/ISMR57123.2023.10130218},
  urldate = {2025-03-25},
  copyright = {https://doi.org/10.15223/policy-029},
  isbn = {979-8-3503-0162-5},
  langid = {english},
  keywords = {Control,Simulation}
}

@article{websterNonholonomicModelingNeedle2006,
  title = {Nonholonomic {{Modeling}} of {{Needle Steering}}},
  author = {Webster, Robert J. and Kim, Jin Seob and Cowan, Noah J. and Chirikjian, Gregory S. and Okamura, Allison M.},
  year = {2006},
  journal = {The International Journal of Robotics Research},
  volume = {25},
  number = {5-6},
  pages = {509--525},
  issn = {0278-3649, 1741-3176},
  doi = {10.1177/0278364906065388},
  urldate = {2025-04-04},
  copyright = {https://journals.sagepub.com/page/policies/text-and-data-mining-license},
  langid = {english},
  keywords = {Needle Steering}
}

@article{wonFacetJointInjections2020,
  title = {Facet {{Joint Injections}} for {{Management}} of {{Low Back Pain}}: {{A Clinically Focused Review}}},
  author = {Won, Hyung-Sun and Yang, Miyoung and Kim, Yeon-Dong},
  year = {2020},
  journal = {Anesthesia and Pain Medicine},
  volume = {15},
  number = {1},
  pages = {8--18},
  issn = {1975-5171},
  doi = {10.17085/apm.2020.15.1.8},
  urldate = {2025-04-10},
  pmcid = {PMC7713865},
  pmid = {33329784}
}

@article{wuComplicationsCTGuidedPercutaneous2011,
  title = {Complications of {{CT-Guided Percutaneous Needle Biopsy}} of the {{Chest}}: {{Prevention}} and {{Management}}},
  author = {Wu, Carol C. and Maher, Michael M. and Shepard, Jo-Anne O.},
  year = {2011},
  journal = {AJR. American journal of roentgenology},
  volume = {196},
  number = {6},
  pages = {W678-682},
  issn = {1546-3141},
  doi = {10.2214/AJR.10.4659},
  langid = {english},
  pmid = {21606253},
  keywords = {Complications}
}

@inproceedings{wuRemotelyActuatedNeedle2019,
  title = {Remotely {{Actuated Needle Driving Device}} for {{MRI-Guided Percutaneous Interventions}}: {{Force}} and {{Accuracy Evaluation}}},
  booktitle = {2019 41st {{Annual International Conference}} of the {{IEEE Engineering}} in {{Medicine}} and {{Biology Society}} ({{EMBC}})},
  author = {Wu, Di and Li, Gang and Patel, Niravkumar and Yan, Jiawen and Kim, Gyeong Hu and Monfaredi, Reza and Cleary, Kevin and Iordachita, Iulian},
  year = {2019},
  pages = {1985--1989},
  issn = {1558-4615},
  doi = {10.1109/EMBC.2019.8857260},
  urldate = {2025-03-30},
  keywords = {Design,MRI}
}

@article{xiaoPortableBodyAttachedPositioning2020,
  title = {Portable {{Body-Attached Positioning Mechanism Toward Robotic Needle Intervention}}},
  author = {Xiao, Xiao and Gao, Huxin and Li, Changsheng and Qiu, Liang and Kumar, Kirthika Senthil and Cai, Catherine Jiayi and Bhola, Bipin Sewakram and King, Nicolas Kon Kam and Ren, Hongliang},
  year = {2020},
  journal = {IEEE/ASME Transactions on Mechatronics},
  volume = {25},
  number = {2},
  pages = {1105--1116},
  issn = {1941-014X},
  doi = {10.1109/TMECH.2020.2974760},
  urldate = {2025-02-12},
  keywords = {Design,Image Guidance,Needle Insertion,RCM,Surgical Robotics}
}

@article{xiongInvestigationTemperatureCompensation2019,
  title = {Investigation of the {{Temperature Compensation}} of {{FBGs Encapsulated With Different Methods}} and {{Subjected}} to {{Different Temperature Change Rates}}},
  author = {Xiong, Li and Jiang, Guozhang and Guo, Yongxing and Kuang, Yi and Liu, Honghai},
  year = {2019},
  journal = {Journal of Lightwave Technology},
  volume = {37},
  number = {3},
  pages = {917--926},
  publisher = {IEEE},
  urldate = {2025-04-03},
  copyright = {{\copyright} 2018 IEEE},
  langid = {english},
  keywords = {FBG}
}

@article{xuDiscriminationStrainTemperature1994,
  title = {Discrimination {{Between Strain}} and {{Temperature Effects Using Dual-Wavelength Fibre Grating Sensors}}},
  author = {Xu, M. G. and Archambault, J. L. and Reekie, L. and Dakin, J. P.},
  year = {1994},
  journal = {Electronics Letters},
  volume = {30},
  number = {13},
  pages = {1085--1087},
  issn = {0013-5194},
  doi = {10.1049/el:19940746},
  urldate = {2025-04-03},
  collaborator = {Xu, M. G. and Archambault, J. L. and Reekie, L. and Dakin, J. P.},
  langid = {english},
  keywords = {FBG}
}

@article{zhangModelingDesignExperiment2018,
  title = {Modeling, {{Design}} and {{Experiment}} of a {{Remote-Center-of-Motion Parallel Manipulator}} for {{Needle Insertion}}},
  author = {Zhang, Ningbin and Huang, Pengcheng and Li, Qinchuan},
  year = {2018},
  journal = {Robotics and Computer-Integrated Manufacturing},
  volume = {50},
  pages = {193--202},
  issn = {0736-5845},
  doi = {10.1016/j.rcim.2017.09.014},
  urldate = {2025-02-12},
  keywords = {Design,Needle Insertion,RCM,Surgical Robotics}
}
