@article{silbergleit2001imaging,
  title={Imaging-guided injection techniques with fluoroscopy and CT for spinal pain management},
  author={Silbergleit, Richard and Mehta, Bharat A and Sanders, William P and Talati, Sanjay J},
  journal={Radiographics},
  volume={21},
  number={4},
  pages={927--939},
  year={2001},
  publisher={Radiological Society of North America}
}

@article{calthorpe2004history,
  title={The history of spinal needles: getting to the point},
  author={Calthorpe, N},
  journal={Anaesthesia},
  volume={59},
  number={12},
  pages={1231--1241},
  year={2004},
  publisher={Wiley Online Library}
}

@article{tsen2006needles,
  title={Needles used for spinal anesthesia},
  author={Tsen, Lawrence C and Hepner, David L},
  journal={Expert Review of Medical Devices},
  volume={3},
  number={4},
  pages={499--508},
  year={2006},
  publisher={Taylor \& Francis}
}
